% Encoding: UTF-8

@Book{kotelnikov,
  author = {И. А. Котельников},
  year = {2014},
  title  = {Лекции по физике плазмы},
  publisher = {М.:Бином},
  file = {:refs/kotelnikov.pdf:PDF},
}

@Book{frank,
  author = {Франк-Каменецкий, Д. А.},
  year = {1968},
  title = {Лекции по физике плазмы},
  publisher = {М.: Атомиздат}
}

@Book{kroll,
  author = {Н. А. Кролл и А. У. Трайвелпис},
  year = {1973},
  title = {Основы физики плазмы},
  publisher = {М.: Мир}
}

@misc{kalitkin,
	author = {Н. Н. Калиткин, И. А. Козлитин и К. И. Луцкий },
	title = {Переход от модели Саха к модели Томаса-Ферми},
	howpublished = "\url{http://www.ihed.ras.ru/npp2010/abstracts/kozlitin_npp2010_rus.pdf}",
	year = {2010}
}

@Comment{jabref-meta: databaseType:bibtex;}
